
@book{Baral:2003:KRR:582493,
 author = {Baral, Chitta},
 title = {Knowledge Representation, Reasoning, and Declarative Problem Solving},
 year = {2003},
 isbn = {0521818028},
 publisher = {Cambridge University Press},
 address = {New York, NY, USA},
} 


@INPROCEEDINGS{Claro05selectingweb,
    author = {Daniela Barreiro Claro and Patrick Albers and Jin-kao Hao},
    title = { Selecting Web Services for Optimal Composition},
    booktitle = {IN PROCEEDINGS OF THE 2ND INTERNATIONAL WORKSHOP ON SEMANTIC AND DYNAMIC WEB PROCESSES (SDWP 2005},
    year = {2005},
    pages = {32--45},
    publisher = {}
}

@incollection{Gurevich:1995:EAL:233976.233979,
 author = {Gurevich, Yuri},
 chapter = {Evolving Algebras 1993: Lipari Guide},
 title = {Specification and Validation Methods},
 editor = {B\"{o}rger, Egon},
 year = {1995},
 isbn = {0-19-853854-5},
 pages = {9--36},
 numpages = {28},
 acmid = {233979},
 publisher = {Oxford University Press, Inc.},
 address = {New York, NY, USA},
} 

@inproceedings{Srivastava:2006:QOO:1182635.1164159,
 author = {Srivastava, Utkarsh and Munagala, Kamesh and Widom, Jennifer and Motwani, Rajeev},
 title = {Query Optimization over Web Services},
 booktitle = {Proceedings of the 32Nd International Conference on Very Large Data Bases},
 series = {VLDB '06},
 year = {2006},
 location = {Seoul, Korea},
 pages = {355--366},
 numpages = {12},
 acmid = {1164159},
 publisher = {VLDB Endowment},
} 

@inproceedings{Wada:2008:MOS:1437903.1439035,
 author = {Wada, Hiroshi and Champrasert, Paskorn and Suzuki, Junichi and Oba, Katsuya},
 title = {Multiobjective Optimization of SLA-Aware Service Composition},
 booktitle = {Proceedings of the 2008 IEEE Congress on Services - Part I},
 series = {SERVICES '08},
 year = {2008},
 isbn = {978-0-7695-3286-8},
 pages = {368--375},
 numpages = {8},
 publisher = {IEEE Computer Society},
 address = {Washington, DC, USA},
 keywords = {Service Oriented Architecture, QoS, Service Composition, Multiobjective Genetic Algorithm},
} 

@inproceedings{Bowers:2006:ESR:1129755.1130113,
 author = {Bowers, Shawn and Ludascher, Bertram and Ngu, Anne H. H. and Critchlow, Terence},
 title = {Enabling ScientificWorkflow Reuse Through Structured Composition of Dataflow and Control-Flow},
 booktitle = {Proceedings of the 22Nd International Conference on Data Engineering Workshops},
 series = {ICDEW '06},
 year = {2006},
 isbn = {0-7695-2571-7},
 pages = {70--},
 publisher = {IEEE Computer Society},
 address = {Washington, DC, USA},
} 

@article{Curcin:2011:STW:2048456.2048467,
 author = {Curcin, Vasa and Missier, Paolo and De Roure, David},
 title = {Simulating Taverna Workflows Using Stochastic Process Algebras},
 journal = {Concurr. Comput. : Pract. Exper.},
 issue_date = {November 2011},
 volume = {23},
 number = {16},
 month = nov,
 year = {2011},
 issn = {1532-0626},
 pages = {1920--1935},
 numpages = {16},
 publisher = {John Wiley and Sons Ltd.},
 address = {Chichester, UK},
 keywords = {Taverna, process modelling, scientific workflows, stochastic modelling, workflows},
} 

@article{DBLP:journals/pvldb/OgasawaraOVDPM11,
  author    = {Eduardo S. Ogasawara and
               Daniel de Oliveira and
               Patrick Valduriez and
               Jonas Dias and
               Fabio Porto and
               Marta Mattoso},
  title     = {An Algebraic Approach for Data-Centric Scientific Workflows},
  journal   = {PVLDB},
  volume    = {4},
  number    = {12},
  year      = {2011},
  pages     = {1328-1339},
}


@inproceedings{Borger:2008:MWI:1433121.1433125,
 author = {B\"{o}rger, Egon and Thalheim, Bernhard},
 title = {Modeling Workflows, Interaction Patterns, Web Services and Business Processes: The ASM-Based Approach},
 booktitle = {Proceedings of the 1st International Conference on Abstract State Machines, B and Z},
 series = {ABZ '08},
 year = {2008},
 isbn = {978-3-540-87602-1},
 location = {London, UK},
 pages = {24--38},
 numpages = {15},
 publisher = {Springer-Verlag},
 address = {Berlin, Heidelberg},
} 


@article{Hidders:2008:DDL:1340791.1340907,
 author = {Hidders, Jan and Kwasnikowska, Natalia and Sroka, Jacek and Tyszkiewicz, Jerzy and Van den Bussche, Jan},
 title = {DFL: A Dataflow Language Based on Petri Nets and Nested Relational Calculus},
 journal = {Inf. Syst.},
 issue_date = {May, 2008},
 volume = {33},
 number = {3},
 month = may,
 year = {2008},
 issn = {0306-4379},
 pages = {261--284},
 numpages = {24},
 publisher = {Elsevier Science Ltd.},
 address = {Oxford, UK, UK},
 keywords = {DFL, Dataflow, Nested relational calculus, Petri net, Scientific workflow, Workflow system},
} 


@PhdThesis{vcv,
title = {Evaluation de Requ{\^e}tes Hybrides Bas{\'e}e sur la Coordination de Services},
author = {V{\'i}ctor Cuevas-Vicentt{\'i}n},
school = {University of Grenoble},
month = may,
year = {2005},
note={in english},
}






